
% REFERENCES FOR CHAPTER 1

@article{BENNETT200143,
title = {The past of pid controllers},
journal = {Annual Reviews in Control},
volume = {25},
pages = {43-53},
year = {2001},
issn = {1367-5788},
author = {Stuart Bennett},
}

@book{correll2022introduction,
  title={ Introduction to Autonomous Robots: Mechanisms, Sensors, Actuators, and Algorithms},
  author={Correll, Nikolaus and Hayes, Bradley, and Heckman, Christoffer, and Roncone, Alessandro},
  year={2022},
  edition={1st},
  publisher={MIT Press, Cambridge, MA}
}

@book{johnson2006pid,
  title={{PID} Control: New Identification and Design Methods},
  author={Johnson, M.A. and Moradi, M.H.},
  isbn={9781846281488},
  lccn={2004057797},
  series={Probability and its applications},
  year={2006},
  publisher={Springer London}
}


@book{anderson2007optimal,
  title={Optimal control: linear quadratic methods},
  author={Anderson, Brian D O and Moore, John B},
  year={1990},
  publisher={Dover Publications, Inc.}
}

@book{dudek2010,
  title={Computational Principles of Mobile Robotics},
  author={Dudek, G. and Jenkin, M.},
  edition={2nd},
year={2010},
  publisher={Cambridge University Press}
}

@book{siciliano2008,
  title={Springer Handbook of Robotics},
  editor={Siciliano, B. and Khatib, O.},
  year={2016},
  publisher={Springer Berlin Heidelberg}
}

% REFERENCES FOR THE COORDINATE FRAME CHAPTER

@inproceedings {foote13,
        title = {tf: The transform library},
        booktitle = {Technologies for Practical Robot Applications ({TePRA}), 2013 {IEEE} International Conference on},
        series = {Open-Source Software workshop},
        year = {2013},
        month={April}, 
        pages={1-6}, 
        author = {Foote, Tully},
        ISSN={2325-0526}
}

@techreport{kay2020,
  title={Introduction to Homogeneous Transformations \& Robot Kinematics},
  author={Jennifer Kay},
  institution = {Rowan University Computer Science Department},
  year={2020}
}



% REFERENCES FOR PLANNING CHAPTER

@article{hart1968,
  title={A formal basis for the heuristic determination of minimum cost paths},
  author={Hart, Peter E and Nilsson, Nils J and Raphael, Bertram},
  journal={IEEE transactions on Systems Science and Cybernetics},
  volume={4},
  number={2},
  pages={100--107},
  year={1968},
  publisher={IEEE}
}

@book{nilsson2009quest,
  title={The quest for artificial intelligence},
  author={Nilsson, Nils J},
  year={2009},
  publisher={Cambridge University Press}
}

@ARTICLE{lozano83,

  author={Lozano-Perez},

  journal={{IEEE} Transactions on Computers}, 

  title={Spatial Planning: A Configuration Space Approach}, 

  year={1983},

  volume={C-32},

  number={2},

  pages={108-120}}


@book{lavalle2006planning,
  title={Planning algorithms},
  author={LaValle, Steven M},
  year={2006},
  publisher={Cambridge university press}
}

@techreport{lavalle1998,
  title={Rapidly-exploring random trees: A new tool for path planning},
  author={LaValle, Steven M.},
  institution = {Computer Science Dept., Iowa State University},
  number={TR 98-11},
  year={1998},
}

@article{karaman2010incremental,
  title={Incremental sampling-based algorithms for optimal motion planning},
  author={Karaman, Sertac and Frazzoli, Emilio},
  journal={Robotics Science and Systems VI},
  volume={104},
  number={2},
  year={2010}
}


@ARTICLE{kavraki96,

  author={Kavraki, L.E. and Svestka, P. and Latombe, J.C. and Overmars, M.H.},

  journal={{IEEE} Transactions on Robotics and Automation}, 

  title={Probabilistic roadmaps for path planning in high-dimensional configuration spaces}, 

  year={1996},

  volume={12},

  number={4},

  pages={566-580}}




% REFERENCES FOR LOCALIZATION CHAPTER

@Book{Russell2003,
author = "Stuart J. Russell and Peter Norvig",
title = "Artificial intelligence : a modern approach",
publisher = "Prentice Hall",
edition = "3nd",
year = "2010",

}


@techreport{Welch1995b,
title = {An Introduction to the Kalman filter},
author = {Greg Welch and Gary Bishop},
url = {https://sreal.ucf.edu/wp-content/uploads/2017/02/kalman_intro.pdf},
year = {1995},
date = {1995-01-01},
number = {TR95-041},
institution = {University of North Carolina at Chapel Hill, Department of Computer Science},
keywords = {},
pubstate = {published},
tppubtype = {techreport}
}

@book{thrun2005,
author = {Thrun, Sebastian and Burgard, Wolfram and Fox, Dieter},
title = {Probabilistic Robotics (Intelligent Robotics and Autonomous Agents)},
year = {2005},
isbn = {0262201623},
publisher = {The MIT Press}
}

@book{PooleMackworth17,
  address = {Cambridge, UK},
  author = {Poole, David and Mackworth, Alan},
  edition = 2,
  groups = {public},
  isbn = {978-0-521-51900-7},
  publisher = {Cambridge University Press},
  title = {Artificial Intelligence: Foundations of Computational Agents},
  url = {http://artint.info/2e/html/ArtInt2e.html},
  year = 2017
}

@article{kalman1960,
    author = {Kalman, R. E.},
    title = "{A New Approach to Linear Filtering and Prediction Problems}",
    journal = {Journal of Basic Engineering},
    volume = {82},
    number = {1},
    pages = {35-45},
    year = {1960},
    month = {03},
    issn = {0021-9223},
}

@INPROCEEDINGS{godsill19,

  author={Godsill, Simon},

  booktitle={2019 {IEEE} International Conference on Acoustics, Speech and Signal Processing ({ICASSP})}, 

  title={Particle Filtering: the First 25 Years and beyond}, 

  year={2019},

  volume={},

  number={},

  pages={7760-7764}}


@article{smith92,
 ISSN = {00031305},
 URL = {http://www.jstor.org/stable/2684170},
 author = {A. F. M. Smith and A. E. Gelfand},
 journal = {The American Statistician},
 number = {2},
 pages = {84--88},
 publisher = {[American Statistical Association, Taylor & Francis, Ltd.]},
 title = {Bayesian Statistics without Tears: A Sampling-Resampling Perspective},
 urldate = {2023-01-11},
 volume = {46},
 year = {1992}
}
